%1
@misc{ucibikeshare,
  title = {UCI Machine Learning Repository: Bike Sharing},
  howpublished = "\url{http://archive.ics.uci.edu/ml/datasets/Bike+Sharing+Dataset#/}"
}

%2
@misc{capbikeshare,
  title = {Capital Bike Share},
  howpublished = "\url{http://capitalbikeshare.com/system-data/}"
}

%3
@misc{freemeteo,
  title = {FreeMeteo: Weather Forcasts for the Entire Planet},
  howpublished = "\url{http://www.freemeteo.com/}"
}

%4
@misc{holiday,
  title = {Holiday Schedules},
  howpublished = "\url{http://dchr.dc.gov/page/holiday-schedule/}"
}

%5
@misc{svm,
  title = {Support Vector Machine},
  howpublished = "\url{http://en.wikipedia.org/wiki/Support_vector_machine/}"
}

%6
@misc{logreg,
  title = {Logistic Regression},
  howpublished = "\url{http://en.wikipedia.org/wiki/Logistic_regression/}"
}

%7
@misc{modreg,
  title = {Regression Model Evaluation},
  howpublished = "\url{http://www.saedsayad.com/model_evaluation_r.htm/}"
}

@misc{rproj,
  title = {The R Project for Statistical Computing},
  howpublished = "\url{http://www.r-project.org/}"
}


% 8
@book{liu2007web,
  title={Web data mining},
  author={Liu, Bing},
  year={2007},
  publisher={Springer}
}
