%1
@misc{ucibikeshare,
  title = {UCI Machine Learning Repository: Bike Sharing},
  howpublished = "\url{http://archive.ics.uci.edu/ml/datasets/Bike+Sharing+Dataset#/}"
}

%2
@misc{capbikeshare,
  title = {Capital Bike Share},
  howpublished = "\url{http://capitalbikeshare.com/system-data/}"
}

%3
@misc{freemeteo,
  title = {FreeMeteo: Weather Forcasts for the Entire Planet},
  howpublished = "\url{http://www.freemeteo.com/}"
}

%4
@misc{holiday,
  title = {Holiday Schedules},
  howpublished = "\url{http://dchr.dc.gov/page/holiday-schedule/}"
}

%5
@misc{svm,
  title = {Support Vector Machine},
  howpublished = "\url{http://en.wikipedia.org/wiki/Support_vector_machine/}"
}

%6
@misc{logreg,
  title = {Logistic Regression},
  howpublished = "\url{http://en.wikipedia.org/wiki/Logistic_regression/}"
}

%7
@misc{modreg,
  title = {Regression Model Evaluation},
  howpublished = "\url{http://www.saedsayad.com/model_evaluation_r.htm/}"
}

% 8
@book{liu2007web,
  title={Web data mining},
  author={Liu, Bing},
  year={2007},
  publisher={Springer}
}

%% adds to final report

%% 2
@inproceedings{gebhart2013impact,
  title={The Impact of Weather Conditions on Capital Bikeshare Trips},
  author={Gebhart, Kyle and Noland, Robert B},
  booktitle={92nd Annual Meeting of the Transportation Research Board, Jan},
  pages={13--17},
  year={2013}
}

%%[3]
@article{fanaee2013event,
  title={Event labeling combining ensemble detectors and background knowledge},
  author={Fanaee-T, Hadi and Gama, Joao},
  journal={Progress in Artificial Intelligence},
  pages={1--15},
  year={2013},
  publisher={Springer}
}

%% ----------------------------------------pavan 5/03/2014
@book{murphy2012machine,
 title={Machine learning: a probabilistic perspective},
 author={Murphy, Kevin P},
 year={2012},
 publisher={MIT Press}
}

% 2. R

@article{team2005r,
 title={R: A language and environment for statistical computing},
 author={Team, RDevelopment Core and others},
 journal={R foundation for Statistical Computing},
 year={2005},
 publisher={sn}
}

% 3. MASS Package in R

@Book{rmasspackage,
   title = {Modern Applied Statistics with S},
   author = {W. N. Venables and B. D. Ripley},
   publisher = {Springer},
   edition = {Fourth},
   address = {New York},
   year = {2002},
   note = {ISBN 0-387-95457-0},
   url = {http://www.stats.ox.ac.uk/pub/MASS4},
 }

% 4.  E1071 SVM Package in R

@article{dimitriadou2008misc,
 title={Misc functions of the Department of Statistics (e1071), TU Wien},
 author={Dimitriadou, Evgenia and Hornik, Kurt and Leisch, Friedrich and Meyer, David and Weingessel, Andreas},
 journal={R package},
 pages={1--5},
 year={2008}
}

% 5. Weka 

@article{hall2009weka,
 title={The WEKA data mining software: an update},
 author={Hall, Mark and Frank, Eibe and Holmes, Geoffrey and Pfahringer, Bernhard and Reutemann, Peter and Witten, Ian H},
 journal={ACM SIGKDD explorations newsletter},
 volume={11},
 number={1},
 pages={10--18},
 year={2009},
 publisher={ACM}
}
